%A M. K. McKusick
%A J. M. Bloom
%A M. J. Karels
%T Bug Fixes and Changes in 4.3BSD
%B \s-1UNIX\s0 System Manager's Manual, 4.3 Berkeley Software Distribution, Virtual VAX-11 Version
%I \s-1USENIX\s0 Association
%C Berkeley, CA
%P 12:1\-22
%D 1986

%A M. J. Karels
%T Changes to the Kernel in 4.3BSD
%B \s-1UNIX\s0 System Manager's Manual, 4.3 Berkeley Software Distribution, Virtual VAX-11 Version
%I \s-1USENIX\s0 Association
%C Berkeley, CA
%P 13:1\-32
%D 1986
